% this is where you can store all your BibTeX entries. 

@online{bbc2016,
  author = {{British Broadcasting Corporation}},
  title = {Banned pesticides 'not equally harmful' to bees},
  date = {2016-04-28},
  url = {http://www.bbc.com/news/science-environment-36154134},
  urldate = {2017-01-05}
}

@online{bbc2017,
  author = {{British Broadcasting Corporation}},
  title = {Why is there a vegetable shortage?},
  date = {2017-02-03},
  url = {http://www.bbc.com/news/uk-38666752},
  urldate = {2017-03-05}
}

@Book{nix2015,
 author = {Nix, John},
 title = {John Nix farm management pocketbook 2016},
 publisher = {Agro Business Consultants},
 year = {2015},
 address = {Great Britain},
 isbn = {978-0957693937}
 }

@book{cain2001,
           title = {Planning improvements in natural resource management. Guidelines for using Bayesian networks to support the planning and management of development programmes in the water sector and beyond},
          author = {Jeremy Cain},
         address = {Wallingford},
       publisher = {Centre for Ecology and Hydrology},
            year = {2001},
             url = {http://nora.nerc.ac.uk/9461/},
             pages={115--120}
}

@online{ons2016a,
  author = {{Office for National Statistics}},
  title = {Consumer Price Inflation Basket of Goods and Services: 2016},
  date = {2016-03-15},
  url = {http://www.ons.gov.uk/economy/inflationandpriceindices/articles/consumerpriceinflationbasketofgoodsandservices/2016},
  urldate = {2017-01-05}
}

@online{ons2016b,
  author = {{Office for National Statistics}},
  title = {Consumer Prices Index and Retail Prices Index - updating weights: 2016},
  url = {http://www.ons.gov.uk/economy/inflationandpriceindices/articles/consumerpricesindexandretailpricesindexupdatingweights/2016},
  date = {2016-03-22},
  urldate = {2017-01-05}
}

@online{defra2016a,
  author = {{Department for Environment, Food \& Rural Affairs}},
  title = {Horticulture statistics 2015},
  url = {http://www.gov.uk/government/statistics/horticulture-statistics-2015},
  date = {2016-07-22},
  urldate = {2017-01-27}
}

@online{defra2016b,
  author = {{Department for Environment, Food \& Rural Affairs}},
  title = {Agriculture in the United Kingdom 2015},
  url = {http://www.gov.uk/government/statistics/agriculture-in-the-united-kingdom-2015},
  date = {2016-05-26},
  urldate = {2017-01-27}
}

@article{revoredo2012,
  title={Retailers price behavior in the UK fresh fruit and vegetable market},
  author={Revoredo-Giha, Cesar and Renwick, Alan},
  journal={Agribusiness},
  volume={28},
  number={4},
  pages={451--468},
  year={2012},
  publisher={Wiley Online Library}
}

@article{revoredo2012retailers,
  title={Retailers price behavior in the UK fresh fruit and vegetable market},
  author={Revoredo-Giha, Cesar and Renwick, Alan},
  journal={Agribusiness},
  volume={28},
  number={4},
  pages={451--468},
  year={2012},
  publisher={Wiley Online Library}
}